@Misc{Google,
author="Jeffrey Dean and Sanjay Ghemawat",
title="MapReduce: Simplified Data Processing on Large Clusters",
howpublished = "\url{https://static.googleusercontent.com/media/research.google.com/fr//archive/mapreduce-osdi04.pdf}",
year = 2004,
note = "[18 Janvier 2017]"
}

@Misc{mapReduceTextProcessing,
author="Jimmy Lin and Chris Dyer",
title="Data-Intensive Text Processing with MapReduce",
howpublished = "\url{https://lintool.github.io/MapReduceAlgorithms/MapReduce-book-final.pdf}",
year = 2010,
note = "[31 mars 2017]"
}

@Misc{HadoopMapReduce,
author="Srinath Perera and Thilina Gunarathne",
title="Hadoop MapReduce Cookbook",
howpublished = "\url{http://barbie.uta.edu/~jli/Resources/MapReduce&Hadoop/Hadoop%20MapReduce%20Cookbook.pdf}",
year = 2013,
note = "[31 mars 2017]"
}

@Misc{ApacheWikiMRTut,
author = "Apache",
title = "MapReduce Tutorial",
howpublished = "\url{https://hadoop.apache.org/docs/r1.2.1/mapred_tutorial.html}",
year = 2013,
note = "[4 Janvier 2017]"
}

@Misc{ApacheWikiFacebook,
author = "Apache",
title = "MapReduce Tutorial",
howpublished = "\url{https://wiki.apache.org/hadoop/PoweredBy#F}",
year = 2013,
note = "[18 Janvier 2017]"
}

@Misc{IBMMRVideo,
author = "IBM",
title = "What is MapReduce?",
howpublished = "\url{https://www-01.ibm.com/software/data/infosphere/hadoop/mapreduce/}",
year = 2012,
note = "[4 Janvier 2017]"
}

@Misc{ApacheWikiMRInfo,
author = "Apache",
title = "MapReduce",
howpublished = "\url{https://wiki.apache.org/hadoop/MapReduce}",
year = 2011,
note = "[4 Janvier 2017]"
}

@Misc{TutorialsPointHadoopMR,
author = "TutorialsPoint",
title = "Hadoop MapReduce",
howpublished = "\url{https://www.tutorialspoint.com/hadoop/hadoop_mapreduce.htm}",
note = "[4 Janvier 2017]"
}

@Misc{Bdpedia,
author = "Nicolas Travers, Raphaël Fournier S'niehotta et Philippe Rigaux",
title = "MapReduce, premiers pas",
howpublished = "\url{http://b3d.bdpedia.fr/mapreduce.html}",
year = 2016,
note = "[4 Janvier 2017]"
}

@Book{JoliaFerrierBigData,
author = "Laurent Jolia-Ferrier",
title = "Big Data. Concepts et mise en œuvre Hadoop.",
publisher = "Éditions ENI",
year = 2014,
month = "feb",
note = "[ISBN : 978-2-7460-8688-3]"
}
