@article{GoogleMR,
author = "Jeffrey Dean and Sanjay Ghemawat",
title = "MapReduce: Simplified Data Processing on Large Clusters",
journal = "OSDI",
year = 2004
}

@misc{ApacheWikiMRTut,
author = "Apache",
title = "MapReduce Tutorial",
howpublished = "\url{https://hadoop.apache.org/docs/r1.2.1/mapred_tutorial.html}",
year = 2013,
note = "[4 Janvier 2017]"
}

@misc{IBMMRVideo,
author = "IBM",
title = "What is MapReduce?",
howpublished = "\url{https://www-01.ibm.com/software/data/infosphere/hadoop/mapreduce/}",
year = 2012,
note = "[4 Janvier 2017]"
}

@misc{ApacheWikiMRInfo,
author = "Apache",
title = "MapReduce",
howpublished = "\url{https://wiki.apache.org/hadoop/MapReduce}",
year = 2011,
note = "[4 Janvier 2017]"
}

@misc{TutorialsPointHadoopMR,
author = "TutorialsPoint",
title = "Hadoop MapReduce",
howpublished = "\url{https://www.tutorialspoint.com/hadoop/hadoop_mapreduce.htm}",
note = "[4 Janvier 2017]"
}

@misc{Bdpedia,
author = "Nicolas Travers, Raphaël Fournier S'niehotta et Philippe Rigaux",
title = "MapReduce, premiers pas",
howpublished = "\url{http://b3d.bdpedia.fr/mapreduce.html}",
year = 2016,
note = "[4 Janvier 2017]"
}

@book{JoliaFerrierBigData,
author = "Laurent Jolia-Ferrier",
title = "Big Data. Concepts et mise en œuvre Hadoop.",
publisher = "Éditions ENI",
year = 2014,
month = "feb",
note = "[ISBN : 978-2-7460-8688-3]"
}
